@book{Chuang_2011,
  Author = {Michael A. Nielsen and Isaac L. Chuang},
  Title = {Quantum Computation and Quantum Information: 10th Anniversary Edition},
  Publisher = {Cambridge University Press},
  Year = {2011},
  ISBN = {9781107002173},
  URL = {https://www.amazon.com/Quantum-Computation-Information-10th-Anniversary/dp/1107002176?SubscriptionId=AKIAIOBINVZYXZQZ2U3A&tag=chimbori05-20&linkCode=xm2&camp=2025&creative=165953&creativeASIN=1107002176}
}